@ARTICLE{Armington:1969,
  AUTHOR = {Paul S. Armington},
  TITLE = {A Theory of Demand for Products Distinguished by Place of Production},
  JOURNAL = {Staff Papers, International Monetary Fund},
  YEAR = {1969},
  volume = {16},
  number = {1},
  month = {March},
  pages = {159-178},
}

@INCOLLECTION{AuerbachKotlikoff:1983a,
  AUTHOR = {Alan J. Auerbach and Laurence J. Kotlikoff},
  TITLE = {National Savings, Economic Welfare, and the Structure of Taxation},
  BOOKTITLE = {Behavioral Simulation Methods in Tax Policy Analysis},
  PUBLISHER = {University of Chicago Press},
  YEAR = {1983},
  editor = {Martin Feldstein},
  type = {National Bureau of Economic Research Project Report},
  chapter = {Chap. 13},
  pages = {pp. 459-498},
}

@INCOLLECTION{AuerbachKotlikoff:1983b,
  AUTHOR = {Alan J. Auerbach and Laurence J. Kotlikoff},
  TITLE = {Investment versus Savings Incentives: The Size of the Bang for the Buck and the Potential for Self-financing Business Tax Cuts},
  BOOKTITLE = {The Economic Consequences of Government Deficits},
  PUBLISHER = {Kluwer-Nijhoff Publishing},
  YEAR = {1983},
  editor = {Lawrence. H. Meyer},
  series = {Economic Policy Conference Series},
  type = {Center for the Study of American Business},
  chapter = {Chap. 4},
  pages = {pp. 121-149},
}

@INCOLLECTION{AuerbachKotlikoff:1983c,
  AUTHOR = {Alan J. Auerbach and Laurence J. Kotlikoff},
  TITLE = {An Examination of Empirical Tests of {S}ocial {S}ecurity and Savings},
  BOOKTITLE = {Social Policy Evaluation: An Economic Perspective},
  PUBLISHER = {Academic Press},
  YEAR = {1983},
  editor = {Elhanan Helpman and Assaf Razin and Efraim Sadka},
  chapter = {Chap. 8},
  pages = {pp. 161-179},
}

@ARTICLE{AuerbachKotlikoff:1985,
  AUTHOR = {Alan J. Auerbach and Laurence J. Kotlikoff},
  TITLE = {Simulating Alternative {S}ocial {S}ecurity Responses to the Demographic Transition},
  JOURNAL = {National Tax Journal},
  YEAR = {1985},
  volume = {38},
  number = {2},
  month = {June},
  pages = {153-168},
}

@TECHREPORT{AuerbachEtAl:1981,
  AUTHOR = {Alan J. Auerbach and Laurence J. Kotlikoff and Jonathan Skinner},
  TITLE = {The Efficiency Gains from Dynamic Tax Reform},
  INSTITUTION = {National Bureau of Economic Research},
  YEAR = {1981},
  type = {NBER Working Paper},
  number = {819},
  month = {December},
}

@ARTICLE{AuerbachEtAl:1983,
  AUTHOR = {Alan J. Auerbach and Laurence J. Kotlikoff and Jonathan Skinner},
  TITLE = {The Efficiency Gains from Dynamic Tax Reform},
  JOURNAL = {International Economic Review},
  YEAR = {1983},
  volume = {24},
  number = {1},
  month = {February},
  pages = {81-100},
}

@BOOK{AuerbachKotlikoff:1987,
  AUTHOR = {Alan J. Auerbach and Laurence J. Kotlikoff},
  TITLE = {Dynamic Fiscal Policy},
  PUBLISHER = {Cambridge University Press},
  YEAR = {1987},
}

@TECHREPORT{BenzellEtAl:2017,
  AUTHOR = {Seth G. Benzell and Laurence J. Kotlikoff and Guillermo LaGarda},
  TITLE = {Simulating Business Cash Flow Taxation: An Illustration Based on the ``{B}etter {W}ay'' Corporate Tax Reform},
  INSTITUTION = {National Bureau of Economic Research},
  YEAR = {2017},
  type = {NBER Working Paper},
  number = {23675},
  month = {August},
}

@ARTICLE{BrummGrill:2014,
  AUTHOR = {Johannes Brumm and Michael Grill},
  TITLE = {Computing Equilibria in Dynamic Models with Occasionally Binding Constraints},
  JOURNAL = {Journal of Economic Dynamics \& Control},
  YEAR = {2014},
  volume = {38},
  month = {January},
  pages = {142-160},
}

@TECHREPORT{BYUACME_PythonIntro,
  AUTHOR = {BYU ACME},
  TITLE = {Introduction to Python},
  INSTITUTION = {Brigham Young University Applied and Computational Mathematics Emphasis},
  YEAR = {2021},
  type = {Open access lab},
  url = {https://acme.byu.edu/00000181-448a-d778-a18f-dfcae22f0001/intro-to-python},
}

@ARTICLE{CarrollEtAl:2017,
  AUTHOR = {Christopher Carroll and Jiri Slacalek and Kiichi Tokuoka and Matthew N. White},
  TITLE = {The Distribution of Wealth and the Marginal Propensity to Consume},
  JOURNAL = {Quantitative Economics},
  YEAR = {2017},
  volume = {8},
  number = {3},
  month = {November},
  pages = {977-1020},
}

@ARTICLE{DeBackerEtAl:2019,
  AUTHOR = {Jason DeBacker and Richard W. Evans and Kerk L. Phillips},
  TITLE = {Integrating Microsimulation Models of Tax Policy into a {DGE} Macroeconomic Model},
  JOURNAL = {Public Finance Review},
  YEAR = {2019},
  volume = {47},
  number = {2},
  month = {March},
  pages = {207-275},
}

@ARTICLE{EilersMarx:1996,
  AUTHOR = {Paul H. C. Eilers and Brian D. Marx},
  TITLE = {Flexible Smoothing with B-splines and Penalties},
  JOURNAL = {Statistical Science},
  YEAR = {1996},
  volume = {11},
  number = {2},
  month = {May},
  pages = {89-121},
}

@ARTICLE{Eilers:2003,
  AUTHOR = {Paul H. C. Eilers},
  TITLE = {A Perfect Smoother},
  JOURNAL = {Anals of Chemistry},
  YEAR = {2003},
  volume = {75},
  number = {14},
  month = {July},
  pages = {3631-3636},
}

@ARTICLE{Eilers:2005,
  AUTHOR = {Paul H. C. Eilers},
  TITLE = {Unimodal Smoothing},
  JOURNAL = {Joural of Chemometrics},
  YEAR = {2005},
  volume = {19},
  number = {?},
  month = {?},
  pages = {317-328},
}

@ARTICLE{EvansPhillips:2014,
  AUTHOR = {Richard W. Evans and Kerk L. Phillips},
  TITLE = {{OLG} Life Cycle Model Transition Paths: Alternate Model Forecast Method},
  JOURNAL = {Computational Economics},
  YEAR = {2014},
  volume = {43},
  number = {1},
  month = {January},
  pages = {105-131},
}

@ARTICLE{EvansPhillips:2017,
  AUTHOR = {Richard W. Evans and Kerk L. Phillips},
  TITLE = {Advantages of an Ellipse when Modeling Leisure Utility},
  JOURNAL = {Computational Economics},
  YEAR = {2017},
  volume = {51},
  number = {3},
  month = {March},
  pages = {513-533},
}

@ARTICLE{Geary:1950,
  AUTHOR = {Roy C. Geary},
  TITLE = {A Note on `A Constant-Utility Index of the Cost of Living'},
  JOURNAL = {Review of Economics Studies},
  YEAR = {1950-51},
  volume = {18},
  number = {1},
  pages = {65-66},
}

@ARTICLE{GitWiki2020,
  AUTHOR = {{Wikipedia Contributors}},
  TITLE = {"{G}it"},
  JOURNAL = {{W}ikipedia{,} The Free Encyclopedia},
  YEAR = {2020},
  note = {[Online; accessed 19-August-2020]},
  url = {https://en.wikipedia.org/wiki/Git},
}

@ARTICLE{GitIDE2020,
  AUTHOR = {{Wikipedia Contributors}},
  TITLE = {"{I}ntegrated development environment"},
  JOURNAL = {{W}ikipedia{,} The Free Encyclopedia},
  YEAR = {2020},
  note = {[Online; accessed 3-August-2020]},
  url = {https://en.wikipedia.org/wiki/Integrated_development_environment},
}

@Article{GouveiaStrauss:1994,
  author={Miguel Gouveia and Robert P. Strauss},
  title={Effective Federal Individual Tax Functions: An Exploratory Empirical Analysis},
  journal={National Tax Journal},
  year={1994},
  volume={47},
  number={2},
  pages={317-39},
  month={June},
}

@ARTICLE{HurstEtAl:2014,
  title = {Are Household Surveys Like Tax Forms? Evidence from Income Underreporting of the Self-Employed},
  author = {Hurst, Erik and Li, Geng and Pugsley, Benjamin},
  year = {2014},
  journal = {The Review of Economics and Statistics},
  volume = {96},
  number = {1},
  pages = {19-33},
  url = {https://EconPapers.repec.org/RePEc:tpr:restat:v:96:y:2014:i:1:p:19-33}
}

@TECHREPORT{MoorePecoraro:2021,
  AUTHOR = {Rachel Moore and Brandon Pecoraro},
  TITLE = {Quantitative Analysis of a Wealth Tax in the United States: Exclusions, Evasion, and Expenditures},
  INSTITUTION = {University Library of Munich, Germany},
  YEAR = {2021},
  type = {MPRA Paper},
  number = {109120},
  address = {https://ideas.repec.org/p/pra/mprapa/109120.html},
}

@ARTICLE{Nishiyama:2015,
  AUTHOR = {Shinichi Nishiyama},
  TITLE = {Fiscal Policy Effects in a Heterogeneous-agent {OLG} Economy with an Aging Population},
  JOURNAL = {Journal of Economic Dynamics and Control},
  YEAR = {2015},
  volume = {61},
  month = {December},
  pages = {114-132},
}

@ARTICLE{NishiyamaSmetters:2007,
  Author = {Shinichi Nishiyama and Kent Smetters},
  Title = {Does {S}ocial {S}ecurity Privatization Produce Efficiency Gains?},
  Journal = {Quarterly Journal of Economics},
  Year = {2007},
  Volume = {122},
  Number = {4},
  Pages = {1677-1719},
  Month = {November},
}

@ARTICLE{Peterman:2016,
  AUTHOR = {William B. Peterman},
  TITLE = {Reconciling Micro and Macro Estimates of the {F}risch Labor Supply Elasticity},
  JOURNAL = {Economic Inquiry},
  YEAR = {2016},
  volume = {54},
  number = {1},
  month = {January},
  pages = {100-120},
}

@ARTICLE{Solow:1956,
  AUTHOR = {Robert M. Solow},
  TITLE = {A Contribution to the Theory of Economic Growth},
  JOURNAL = {Quarterly Journal of Economics},
  YEAR = {1956},
  volume = {70},
  number = {1},
  month = {February},
  pages = {65-94},
}

@BOOK{StokeyLucas1989,
  AUTHOR = {Nancy L. Stokey and Robert E. {Lucas, Jr.} and Edward C. Prescott},
  TITLE = {Recursive Methods in Economic Dynamics},
  PUBLISHER = {Harvard University Press},
  YEAR = {1989},
}

@ARTICLE{Stone:1954,
  AUTHOR = {Richard Stone},
  TITLE = {Linear Expenditure Systems and Demand Analysis: An Application to the Pattern of British Demand},
  JOURNAL = {The Economic Journal},
  YEAR = {1954},
  volume = {64},
  number = {255},
  month = {September},
  pages = {511-527},
}

@ARTICLE{Suzumura:1983,
  Author = {Kotaro Suzumura},
  Journal = {Hitotsubashi Journal of Economics},
  Pages = {137-141},
  Title = {{P}erron-{F}robenius Theorem on Non-Negative Square Matrices: An Elementary Proof},
  Volume = {24},
  Year = {1983},
}
