@ARTICLE{Aiyagari:1994,
	AUTHOR = {S. Rao Aiyagari},
	TITLE = {Uninsured Idiosyncratic Risk and Aggregate Saving},
	JOURNAL = {Quarterly Journal of Economics},
	YEAR = {1994},
	volume = {109},
	number = {3},
	pages = {659-684},
	month = {August},
}

@ARTICLE{Auerbach:1996,
	AUTHOR = {Alan J. Auerbach},
	TITLE = {Dynamic Revenue Estimation},
	JOURNAL = {Journal of Economic Perspectives},
	YEAR = {1996},
	volume = {10},
	number = {1},
	month = {Winter},
}

@ARTICLE{Auerbach:2005,
	AUTHOR = {Alan J. Auerbach},
	TITLE = {Dynamic Scoring: An Introduction to the Issues},
	JOURNAL = {American Economic Review},
	YEAR = {2005},
	volume = {95},
	number = {2},
	month = {May},
	pages = {421-425},
}

@BOOK{AuerbachKotlikoff:1987,
	Author = {Alan J. Auerbach and Lawrence J. Kotlikoff},
	Publisher = {Cambridge University Press},
	Title = {Dynamic Fiscal Policy},
	Year = {1987},
}

@TECHREPORT{BrillViard:2011,
	AUTHOR = {Alex M. Brill and Alan D. Viard},
	TITLE = {The Benefits and Limitations of Income Tax Reform},
	INSTITUTION = {American Enterprise Institute for Public Policy Research},
	YEAR = {2011},
	type = {Tax Policy Outlook},
	number = {2},
	month = {September},
}

@ARTICLE{CagettiDeNardi:2008,
	AUTHOR = {Marco Cagetti and Mariacristina {De Nardi}},
	TITLE = {Wealth Inequality: Data and Models},
	JOURNAL = {Macroeconomic Dynamics},
	YEAR = {2008},
	volume = {12},
	number = {Supplement S2},
	pages = {285-313},
	month = {September},
}

@techreport{DEPR2015,
	Author = {Jason DeBacker and Richard W. Evans and Kerk L. Phillips and Shanthi Ramnath},
	Institution = {Mimeo},
	Title = {Estimating the Hourly Earnings Processes of Top Earners},
	Year = {2015}}

@TECHREPORT{Census:2015,
  AUTHOR = {{Census Bureau}},
  TITLE = {Annual Estimates of the Resident Population by Single Year of Age and Sex: April 1, 2010 to July 1, 2013 (both sexes)},
  INSTITUTION = {U.S. Census Bureau},
  YEAR = {2015},
  type = {National Characteristics},
  number = {Vintage 2013},
  address = {http://www.census.gov/popest/data/national/asrh/2013/index.html},
}

@TECHREPORT{DeNardi:2015,
	AUTHOR = {Mariacristina {De Nardi}},
	INSTITUTION = {National Bureau of Economic Research},
	MONTH = {April},
	NUMBER = {No. 21106},
	TITLE = {Quantitative Models of Wealth Inequality: A Survey},
	type = {NBER Working Paper},
	YEAR = {2015},
}
